<?xml version="1.0" encoding="UTF-8" ?>
<collection xmlns:xsi="http://www.w3.org/2001/XMLSchema-instance"
    xsi:schemaLocation="http://www.loc.gov/MARC21/slim
        http://www.loc.gov/standards/marcxml/schema/MARC21slim.xsd"
    xmlns="http://www.loc.gov/MARC21/slim">
<record>
  <leader>00262cam a2200505 ia4500</leader>
  <controlfield tag="001">b12939006</controlfield>
  <controlfield tag="003">LeBAU</controlfield>
  <controlfield tag="005">20180809</controlfield>
  <controlfield tag="008">990817m19491950ua            ||0 0 ara d</controlfield>
  <datafield tag="035" ind1=" " ind2=" ">
    <subfield code="a">ocn784528927</subfield>
  </datafield>
  <datafield tag="040" ind1=" " ind2=" ">
    <subfield code="a">LEAUB</subfield>
    <subfield code="b">ara</subfield>
    <subfield code="e">rda</subfield>
    <subfield code="c">LEAUB</subfield>
    <subfield code="d">LEAUB</subfield>
  </datafield>
  <datafield tag="082" ind1="0" ind2="4">
    <subfield code="a">297.44</subfield>
    <subfield code="2">22</subfield>
  </datafield>
  <datafield tag="100" ind1="1" ind2=" ">
    <subfield code="6">880-01</subfield>
    <subfield code="a">Fikrī, ʻAlī,</subfield>
    <subfield code="e">author.</subfield>
  </datafield>
  <datafield tag="245" ind1="1" ind2="0">
    <subfield code="6">880-02</subfield>
    <subfield code="a">Aḥsan al-qaṣaṣ /</subfield>
    <subfield code="c">li-wāḍiʻihi ʻAlī Fikrī, al-amīn al-awwal li-Dār al-Kutub al-Miṣrīyah sābiqan.</subfield>
  </datafield>
  <datafield tag="250" ind1=" " ind2=" ">
    <subfield code="6">880-03</subfield>
    <subfield code="a">al-Ṭabʻah al-thālithah.</subfield>
  </datafield>
  <datafield tag="264" ind1=" " ind2="1">
    <subfield code="6">880-04</subfield>
    <subfield code="a">Miṣr :</subfield>
    <subfield code="b">Dār Iḥyā’ al-Kutub al-ʻArabīyah, ʻĪsá al-Bābī al-Ḥalabī wa-Shurakāh,</subfield>
    <subfield code="c">1369 H. = 1949-1950 M.</subfield>
  </datafield>
  <datafield tag="300" ind1=" " ind2=" ">
    <subfield code="6">880-05</subfield>
    <subfield code="a">5 volumes ;</subfield>
    <subfield code="c">20 cm</subfield>
  </datafield>
  <datafield tag="336" ind1=" " ind2=" ">
    <subfield code="a">text</subfield>
    <subfield code="b">txt</subfield>
    <subfield code="2">rdacontent</subfield>
  </datafield>
  <datafield tag="337" ind1=" " ind2=" ">
    <subfield code="a">unmediated</subfield>
    <subfield code="b">n</subfield>
    <subfield code="2">rdamedia</subfield>
  </datafield>
  <datafield tag="338" ind1=" " ind2=" ">
    <subfield code="a">volume</subfield>
    <subfield code="b">nc</subfield>
    <subfield code="2">rdacarrier</subfield>
  </datafield>
  <datafield tag="500" ind1=" " ind2=" ">
    <subfield code="a">الأجزاء 4-5: الطبعة الثانية.</subfield>
  </datafield>
  <datafield tag="500" ind1=" " ind2=" ">
    <subfield code="a">تم تجليد الجزأين 1-2 في مجلد واحد؛ والأجزاء 3-5 في مجلد آخر.</subfield>
  </datafield>
  <datafield tag="500" ind1=" " ind2=" ">
    <subfield code="a">في رأس العنوان: "قال الله تعالى: (نحن نقص عليك أحسن القصص) الآية. سورة يوسف."</subfield>
  </datafield>
  <datafield tag="501" ind1=" " ind2=" ">
    <subfield code="a">الجزء الثالث : طبعة ثانية مزيدة ومنقحة</subfield>
  </datafield>
  <datafield tag="505" ind1="0" ind2=" ">
    <subfield code="a">أحسن القصص: الجزء الأول. بشتمل قصص الأنبياء عدا أولى العزم من الرسل عليهم الصلاة والسلام -- الجزء الثاني. يشتمل أولو العزم من الرسل عليهم الصلاة والسلام -- الجزء الثالث. الخلفاء الراشدون رضوان الله عليهم أجمعين -- الجزء الرابع. يشتمل خلاصة سير ومناقب ومذاهب الأئمة الأربعة وبعض الصالحين -- الجزء الخامس، 1. أمهات المؤمنين -- الجزء الخامس، 2. بعض النساء الشهيرات.</subfield>
  </datafield>
  <datafield tag="588" ind1=" " ind2=" ">
    <subfield code="a">الوصف يستند الى الجزء الأول.</subfield>
  </datafield>
  <datafield tag="650" ind1=" " ind2="4">
    <subfield code="a">الأدب الديني.</subfield>
  </datafield>
  <datafield tag="650" ind1=" " ind2="4">
    <subfield code="a">قصص القرآن.</subfield>
  </datafield>
  <datafield tag="650" ind1=" " ind2="4">
    <subfield code="a">القصص الاسلامية.</subfield>
  </datafield>
  <datafield tag="650" ind1=" " ind2="0">
    <subfield code="a">Religious literature.</subfield>
  </datafield>
  <datafield tag="650" ind1=" " ind2="0">
    <subfield code="a">Qur'an stories.</subfield>
  </datafield>
  <datafield tag="650" ind1=" " ind2="0">
    <subfield code="a">Stories, Islamic.</subfield>
  </datafield>
  <datafield tag="775" ind1="0" ind2="8">
    <subfield code="6">880-06</subfield>
    <subfield code="i">has designation of edition</subfield>
    <subfield code="4">http://rdaregistry.info/Elements/m/P30133 :</subfield>
    <subfield code="t">Aḥsan al-qaṣaṣ.</subfield>
    <subfield code="b">al-Ṭabʻah al-ūlá.</subfield>
    <subfield code="d">Miṣr : Maṭbaʻat ʻĪsá al-Bābī al-Ḥalabī wa-Shurakāh, 1352 H. = 1934 M.</subfield>
    <subfield code="w">(OCoLC)b12379190</subfield>
    <subfield code="w">(OCoLC)b12379190</subfield>
  </datafield>
  <datafield tag="852" ind1=" " ind2=" ">
    <subfield code="a">Jafet Library</subfield>
    <subfield code="e">American University of Beirut, Bliss Street , Beirut, Lebanon.</subfield>
  </datafield>
  <datafield tag="880" ind1="1" ind2=" ">
    <subfield code="6">100-01/(3/r</subfield>
    <subfield code="a">فكري، علي،</subfield>
    <subfield code="e">مؤلف. </subfield>
    <subfield code="4">aut.</subfield>
  </datafield>
  <datafield tag="880" ind1="1" ind2="0">
    <subfield code="6">245-02/(3/r</subfield>
    <subfield code="a">أحسن القصص /</subfield>
    <subfield code="c">لواضعه السيد علي فكري، الأمين الأول لدار الكتب المصرية سابقاً.</subfield>
  </datafield>
  <datafield tag="880" ind1=" " ind2=" ">
    <subfield code="6">250-03/(3/r</subfield>
    <subfield code="a">الطبعة الثالثة.</subfield>
  </datafield>
  <datafield tag="880" ind1=" " ind2="1">
    <subfield code="6">264-04/(3/r</subfield>
    <subfield code="a">مصر :</subfield>
    <subfield code="b">دار إحياء الكتب العربية، عيسى البابي الحلبي وشركاه،</subfield>
    <subfield code="c">1369 هـ. = 1949-1950 م.</subfield>
  </datafield>
  <datafield tag="880" ind1=" " ind2=" ">
    <subfield code="6">300-05/(3/r</subfield>
    <subfield code="a">5 أجزاء ؛</subfield>
    <subfield code="c">20 سم</subfield>
  </datafield>
  <datafield tag="880" ind1="0" ind2="8">
    <subfield code="6">775-06/(3/r</subfield>
    <subfield code="i">دلالة على الطبعة</subfield>
    <subfield code="4">http://rdaregistry.info/Elements/m/P30133 :</subfield>
    <subfield code="t">أحسن القصص.</subfield>
    <subfield code="b">الطبعة الأولى.</subfield>
    <subfield code="d">مصر : مطبعة عيسى البابي الحلبي وشركاه، 1352 هـ. = 1934 م.</subfield>
    <subfield code="w">b12379190</subfield>
    <subfield code="w">(OCoLC)b12379190</subfield>
  </datafield>
  <datafield tag="907" ind1=" " ind2=" ">
    <subfield code="a">.b12939006</subfield>
    <subfield code="b">18-09-17</subfield>
    <subfield code="c">11-05-24</subfield>
  </datafield>
  <datafield tag="907" ind1=" " ind2=" ">
    <subfield code="a">.b12939006</subfield>
    <subfield code="b">15-10-15</subfield>
    <subfield code="c">11-05-24</subfield>
  </datafield>
  <datafield tag="945" ind1=" " ind2=" ">
    <subfield code="f">J</subfield>
    <subfield code="a">297.44:F47a3A:v.3-5:c.1</subfield>
    <subfield code="i">01010598</subfield>
    <subfield code="j">.i13555297</subfield>
    <subfield code="l">u0503</subfield>
  </datafield>
  <datafield tag="945" ind1=" " ind2=" ">
    <subfield code="f">J</subfield>
    <subfield code="a">297.44:F47a3A:v.1-2:c.1</subfield>
    <subfield code="i">01010595</subfield>
    <subfield code="j">.i13555303</subfield>
    <subfield code="l">u0503</subfield>
  </datafield>
  <datafield tag="998" ind1=" " ind2=" ">
    <subfield code="a">u05</subfield>
    <subfield code="b">99-08-17</subfield>
    <subfield code="c">m</subfield>
    <subfield code="d">a  </subfield>
    <subfield code="e">-</subfield>
    <subfield code="f">ara</subfield>
    <subfield code="g">ua </subfield>
    <subfield code="h">0</subfield>
    <subfield code="i">2</subfield>
  </datafield>
</record>
</collection>
